<record><leader>00000cas a22000007a 4500</leader><controlfield tag="001">15602707</controlfield><controlfield tag="008">870428d18781878pauwr ne      0    0eng d</controlfield><datafield ind1=" " ind2=" " tag="010"><subfield code="a">sn 87080196 </subfield></datafield><datafield ind1=" " ind2=" " tag="040"><subfield code="a">NPH</subfield><subfield code="b">eng</subfield><subfield code="c">NPH</subfield><subfield code="d">OCLCQ</subfield></datafield><datafield ind1=" " ind2=" " tag="042"><subfield code="a">msc</subfield></datafield><datafield ind1="0" ind2="4" tag="245"><subfield code="a">The Centre herald.</subfield></datafield><datafield ind1=" " ind2=" " tag="260"><subfield code="a">Bellefonte, Pa. :</subfield><subfield code="b">[s.n.],</subfield><subfield code="c">1878.</subfield></datafield><datafield ind1=" " ind2=" " tag="300"><subfield code="a">1 v. ;</subfield><subfield code="c">54 cm.</subfield></datafield><datafield ind1=" " ind2=" " tag="310"><subfield code="a">Weekly</subfield></datafield><datafield ind1="0" ind2=" " tag="362"><subfield code="a">Vol. 1, no. 1 (May 16, 1878)-v. 1, no. 31 (Dec. 19, 1878).</subfield></datafield><datafield ind1=" " ind2=" " tag="500"><subfield code="a">Editor: Frank W. Bailey, May 16-Dec. 19, 1878.</subfield></datafield><datafield ind1=" " ind2=" " tag="752"><subfield code="a">United States</subfield><subfield code="b">Pennsylvania</subfield><subfield code="c">Centre</subfield><subfield code="d">Bellefonte.</subfield></datafield><datafield ind1="1" ind2=" " tag="029"><subfield code="a">AU@</subfield><subfield code="b">000025811464</subfield></datafield></record>